<collection xmlns="http://www.loc.gov/MARC21/slim"><record><leader>00925nam  2200277   450</leader><controlfield tag="001">584</controlfield><controlfield tag="003">http://montalegre.opacnet.com/OPAC/default.aspx?ContentAreaControl=ShowRegHoldings.ascx&amp;RegNo=16662</controlfield><controlfield tag="005">20</controlfield><datafield tag="010" ind1=" " ind2=" "><subfield code="a">972-780-003-3</subfield></datafield><datafield tag="021" ind1=" " ind2=" "><subfield code="a">PT</subfield><subfield code="b">133756/99</subfield></datafield><datafield tag="100" ind1=" " ind2=" "><subfield code="a">20061013d1999    m  y0pory0103    ba</subfield></datafield><datafield tag="101" ind1="0" ind2=" "><subfield code="a">por</subfield></datafield><datafield tag="102" ind1=" " ind2=" "><subfield code="a">PT</subfield></datafield><datafield tag="200" ind1="1" ind2=" "><subfield code="a">Medicina Popular</subfield><subfield code="e">ensaio de antropologia médica</subfield><subfield code="f">António Fontes, João Gomes Sanches</subfield></datafield><datafield tag="210" ind1=" " ind2=" "><subfield code="a">Lisboa</subfield><subfield code="c">Âncora</subfield><subfield code="d">1999</subfield></datafield><datafield tag="215" ind1=" " ind2=" "><subfield code="a">158 p.</subfield><subfield code="c">il.</subfield><subfield code="d">21 cm</subfield></datafield><datafield tag="225" ind1="2" ind2=" "><subfield code="a">Raízes</subfield></datafield><datafield tag="320" ind1=" " ind2=" "><subfield code="a">Bibliografia, p. 153</subfield></datafield><datafield tag="606" ind1=" " ind2=" "><subfield code="a">Medicina popular</subfield></datafield><datafield tag="606" ind1=" " ind2=" "><subfield code="a">Antropologia</subfield></datafield><datafield tag="675" ind1=" " ind2=" "><subfield code="a">39</subfield></datafield><datafield tag="700" ind1=" " ind2="1"><subfield code="a">Fontes</subfield><subfield code="b">António Lourenço</subfield><subfield code="c">Padre</subfield><subfield code="f">1940-</subfield><subfield code="2">Autoridade</subfield><subfield code="3">PT-----------2013022517220005655</subfield></datafield><datafield tag="701" ind1=" " ind2="1"><subfield code="a">Sanches</subfield><subfield code="b">João Gomes</subfield><subfield code="f">1959-</subfield><subfield code="4">070</subfield></datafield><datafield tag="801" ind1=" " ind2="0"><subfield code="a">PT</subfield><subfield code="b">Biblioteca Municipal de Montalegre</subfield><subfield code="g">RPC</subfield></datafield><datafield tag="856" ind1=" " ind2=" "><subfield code="u">locateMedia.asp?cod=20060518165205&amp;ext=jpg</subfield><subfield code="z">CAPA</subfield></datafield><datafield tag="909" ind1="&#9;" ind2=" "><subfield code="a">2</subfield></datafield><datafield tag="966" ind1=" " ind2=" "><subfield code="a">0015053</subfield><subfield code="l">BMM</subfield><subfield code="s">SCG 39 FON med</subfield></datafield><datafield tag="966" ind1=" " ind2=" "><subfield code="a">0015056</subfield><subfield code="l">BMM</subfield><subfield code="s">SCG 39 FON med</subfield></datafield></record></collection>